<?xml version="1.0" encoding="UTF-8"?><collection xmlns="http://www.loc.gov/MARC21/slim"><record><leader>00398nam--2200145-i-4500</leader><controlfield tag="001">000006146</controlfield><controlfield tag="002">20161230</controlfield><controlfield tag="005">20170224002047</controlfield><controlfield tag="008">060222s1000------------r-----000-0-eng-d</controlfield><datafield ind1=" " ind2=" " tag="100"><subfield code="a">D©ơsing, Karl</subfield></datafield><datafield ind1=" " ind2=" " tag="245"><subfield code="a">Experimentalphysik. 27. Verbesserte und erweiterte auflage</subfield></datafield><datafield ind1=" " ind2=" " tag="260"><subfield code="a">Leipzig</subfield><subfield code="b">Veb Fachbuchverlag</subfield><subfield code="c">1961</subfield></datafield><datafield ind1=" " ind2=" " tag="300"><subfield code="a">371 p</subfield></datafield><datafield ind1=" " ind2=" " tag="700"><subfield code="a">Schaefer, Clemens</subfield></datafield><datafield ind1=" " ind2=" " tag="CAT"><subfield code="a">SYS</subfield><subfield code="c">20170224</subfield><subfield code="h">002047</subfield></datafield></record></collection>